<?xml version="1.0" encoding="UTF-8"?><collection xmlns="http://www.loc.gov/MARC21/slim"><record><leader>00618nam--2200205-u-4500</leader><controlfield tag="001">000050575</controlfield><controlfield tag="002">20161230</controlfield><controlfield tag="005">20161230201048</controlfield><controlfield tag="008">070918s1000------------r-----000-0-eng-d</controlfield><datafield ind1=" " ind2=" " tag="040"><subfield code="a">IFIN-HH</subfield></datafield><datafield ind1=" " ind2=" " tag="041"><subfield code="a">eng</subfield></datafield><datafield ind1=" " ind2=" " tag="080"><subfield code="a">517.98</subfield></datafield><datafield ind1="1" ind2=" " tag="100"><subfield code="a">Komorowski, Jacek</subfield></datafield><datafield ind1="1" ind2="0" tag="245"><subfield code="a">Nets on a Riemannian manifold and finite-dimensional approximations of the Lalpacian</subfield></datafield><datafield ind1=" " ind2=" " tag="260"><subfield code="a">Warszawa</subfield><subfield code="b">Panstwowe Wydawnictwo Naukowe</subfield><subfield code="c">1979</subfield></datafield><datafield ind1=" " ind2=" " tag="300"><subfield code="a">83 p</subfield></datafield><datafield ind1=" " ind2=" " tag="490"><subfield code="a">Dissertatiiones Mathematicae</subfield><subfield code="v">Clxv</subfield></datafield><datafield ind1=" " ind2="4" tag="650"><subfield code="a">Integrable Solutions of Systems of Functional Equations</subfield></datafield><datafield ind1=" " ind2=" " tag="852"><subfield code="c">517.98</subfield></datafield><datafield ind1=" " ind2=" " tag="CAT"><subfield code="a">Sys</subfield><subfield code="c">20080327</subfield><subfield code="h">104853</subfield></datafield></record></collection>